@phdthesis{kupper2016models,
  title={Models, numerical methods, and uncertainty quantification for radiation therapy},
  author={K{\"u}pper, M Sc Kerstin},
  year={2016},
  school={RWTH Aachen University}
}

@article{camminady2019ray,
  title={Ray effect mitigation for the discrete ordinates method through quadrature rotation},
  author={Camminady, Thomas and Frank, Martin and K{\"u}pper, Kerstin and Kusch, Jonas},
  journal={Journal of Computational Physics},
  volume={382},
  pages={105--123},
  year={2019},
  publisher={Elsevier}
}

@article{frank2020ray,
  title={Ray Effect Mitigation for the Discrete Ordinates Method Using Artificial Scattering},
  author={Frank, Martin and Kusch, Jonas and Camminady, Thomas and Hauck, Cory D},
  journal={Nuclear Science and Engineering},
  pages={1--18},
  year={2020},
  publisher={Taylor \& Francis}
}
